@book{petrucci,
  author =      "Ralph H. Petrucci",
  title =       "QUÍMICA GENERAL 10ma Edición, PRINCIPIOS Y APLICACIONES MODERNAS",
  year =        "2017",
  publisher =   "Pearson"
}
@book{chang,
  author =      "Raymond Chang y Jason Overby",
  title =       "QUÍMICA 13a Edición",
  year =        "2021",
  adress =      "Editorial Mc Graw Hill"
}
@book{esteq,
  author =      "Victoria Calzada",
  title =       "ESTEQUIOMETRÍA, CONCEPTOS GENERALES EN QUÍMICA",
  year =        "2021"
}
@book{lab,
  author =      "Universidad Nacional de Ingeniería, Facultad de Ciencias, Escuela de Química (2022)",
  title =       "QUÍMICA I, MANUAL DE LABORATORIO. Estequiometría",
  year =        "2023",
  adress =      "Lima, Perú"
}